<?xml version="1.0" encoding="UTF-8"?><collection xmlns="http://www.loc.gov/MARC21/slim"><record><leader>00484nam--2200145-i-4500</leader><controlfield tag="001">000022920</controlfield><controlfield tag="002">20161230</controlfield><controlfield tag="005">20161230201034</controlfield><controlfield tag="008">060222s1000------------r-----000-0-eng-d</controlfield><datafield ind1=" " ind2=" " tag="080"><subfield code="a">543.42:546:547.25</subfield></datafield><datafield ind1=" " ind2=" " tag="100"><subfield code="a">Greenwood, N.N</subfield></datafield><datafield ind1=" " ind2=" " tag="245"><subfield code="a">Spectroscopic properties of inorganic and organometallic compounds. vol.1: a review of the literature published during 1967</subfield></datafield><datafield ind1=" " ind2=" " tag="260"><subfield code="a">London, The Chemical Society, 1968. Xii+393p</subfield></datafield><datafield ind1=" " ind2=" " tag="490"><subfield code="a">A Specialist Periodical Report</subfield></datafield><datafield ind1=" " ind2=" " tag="852"><subfield code="a">31816</subfield></datafield></record></collection>